@article{buterin2014next,
  title={A next-generation smart contract and decentralized application platform},
  author={Buterin, Vitalik and others},
  journal={white paper},
  year={2014}
}
@inproceedings{carlsten2016instability,
	title={On the instability of bitcoin without the block reward},
	author={Carlsten, Miles and Kalodner, Harry and Weinberg, S Matthew and Narayanan, Arvind},
	booktitle={Proceedings of the 2016 ACM SIGSAC Conference on Computer and Communications Security},
	pages={154--167},
	year={2016},
	organization={ACM}
}
 @misc{Fomo3D,
 	title = {Fomo3D},
 	howpublished = {\url{https://exitscam.me/shakedown}}
 }
  @misc{Nabulasincentive,
  	title = {Nabulas Incentive},
  	howpublished = {\url{https://nebulas.io/incentive_spec.html}}
  }
  @techreport{arrow1951extension,
  	title={An extension of the basic theorems of classical welfare economics},
  	author={Arrow, Kenneth J},
  	year={1951},
  	institution={STANFORD UNIVERSITY STANFORD United States}
  }
  @inproceedings{mukherjee2013spotting,
  	title={Spotting opinion spammers using behavioral footprints},
  	author={Mukherjee, Arjun and Kumar, Abhinav and Liu, Bing and Wang, Junhui and Hsu, Meichun and Castellanos, Malu and Ghosh, Riddhiman},
  	booktitle={Proceedings of the 19th ACM SIGKDD international conference on Knowledge discovery and data mining},
  	pages={632--640},
  	year={2013},
  	organization={ACM}
  }
  @inproceedings{jindal2008opinion,
  	title={Opinion spam and analysis},
  	author={Jindal, Nitin and Liu, Bing},
  	booktitle={Proceedings of the 2008 international conference on web search and data mining},
  	pages={219--230},
  	year={2008},
  	organization={ACM}
  }
  @article{yoo2009comparison,
  	title={Comparison of deceptive and truthful travel reviews},
  	author={Yoo, Kyung-Hyan and Gretzel, Ulrike},
  	journal={Information and communication technologies in tourism 2009},
  	pages={37--47},
  	year={2009},
  	publisher={Springer}
  }
  @inproceedings{ott2011finding,
  	title={Finding deceptive opinion spam by any stretch of the imagination},
  	author={Ott, Myle and Choi, Yejin and Cardie, Claire and Hancock, Jeffrey T},
  	booktitle={Proceedings of the 49th Annual Meeting of the Association for Computational Linguistics: Human Language Technologies-Volume 1},
  	pages={309--319},
  	year={2011},
  	organization={Association for Computational Linguistics}
  }
  @inproceedings{cai2016mechanism,
  	title={Mechanism design for personalized recommender systems},
  	author={Cai, Qingpeng and Filos-Ratsikas, Aris and Liu, Chang and Tang, Pingzhong},
  	booktitle={Proceedings of the 10th ACM Conference on Recommender Systems},
  	pages={159--166},
  	year={2016},
  	organization={ACM}
  }
  @misc{salihefendic2010hacker,
  	title={How Hacker News ranking algorithm works},
  	author={Salihefendic, Amir},
  	year={2010},
  	publisher={Свалено от http://amix. dk/blog/post/19574}
  }
  @article{salihefendic2010reddit,
  	title={How reddit ranking algorithms work},
  	author={Salihefendic, Amir},
  	journal={Hacking and Gonzo},
  	volume={23},
  	year={2010}
  }
    @misc{miller2009how,
    	title={How Not To Sort By Average Rating},
    	author={Evan Miller},
    	year={2009},
    	publisher={https://www.evanmiller.org/how-not-to-sort-by-average-rating.html}
    }
     @misc{IMDB,
     	title = {IMDB},
     	howpublished = {\url{https://www.imdb.com/chart/top}}
     }
    @misc{Nabulasyellowpaper,
          	title = {Nabulas yellowpaper},
          	howpublished = {\url{https://nebulas.io/docs/NebulasYellowpaperZh.pdf}}
     }
     @article{buterin2018liberal,
     	title={Liberal Radicalism: Formal Rules for a Society Neutral among Communities},
     	author={Buterin, Vitalik and Hitzig, Zoe and Weyl, E Glen},
     	journal={arXiv preprint arXiv:1809.06421},
     	year={2018}
     }
         @misc{Nabulaswhitepaper,
         	title = {Nabulas whitepaper},
         	howpublished = {\url{https://nebulas.io/docs/NebulasTechnicalWhitepaperZh.pdf}}
         }